% Encoding: UTF-8

@Electronic{natbib,
  Title                    = {Reference sheet for natbib usage},
  Author                   = {Daly, Patrick W.},
  HowPublished             = {natbib documentation},
  urldate                  = {March 7, 2016},
  Url                      = {http://www.pirbot.com/mirrors/ctan/macros/latex/contrib/natbib/natnotes.pdf},
  Year                     = {2016},
  Owner                    = {Hanspeter},
  Timestamp                = {2016.03.07}
}

@Article{Mason1956,
  author    = {Mason, S.J.},
  title     = {Feedback Theory-Further Properties of Signal Flow Graphs},
  journal   = {Proceedings of the IRE},
  year      = {1956},
  volume    = {44},
  number    = {7},
  pages     = {920--926},
  doi       = {10.1109/JRPROC.1956.275147},
  url       = {http://ieeexplore.ieee.org/stamp/stamp.jsp?arnumber=4052126},
  owner     = {Hanspeter},
  timestamp = {2015.08.24},
}

@Article{Mason1953,
  author    = {Mason, S.J.},
  title     = {Feedback Theory-Some Properties of Signal Flow Graphs},
  journal   = {Proceedings of the IRE},
  year      = {1953},
  volume    = {41},
  number    = {9},
  pages     = {1144--1156},
  doi       = {10.1109/JRPROC.1953.274449},
  url       = {http://ieeexplore.ieee.org/stamp/stamp.jsp?arnumber=4051460},
  owner     = {Hanspeter},
  timestamp = {2015.08.24},
}

@Book{Kopka2003,
  author    = {Kopka, Helmut and Daly, Patrick W},
  title     = {Guide to LATEX},
  year      = {2003},
  publisher = {Pearson Education},
}

@Book{Regelungstechnik_Buch,
  author    = {Jan Lunze},
  title     = {Regelungstechnik 1},
  year      = {2014},
  publisher = {Springer Vieweg},
}

@Book{Leistungselektronik,
  author    = {M Meyer},
  title     = {Leistungselektronik Einführung, Grundlagen, Überblick},
  year      = {1990},
  publisher = {Springer Verlag, Berlin et. al},
}

@Misc{l2kurz,
  author = {Daniel, M and Gundlach, P and Schmidt, W and Knappen, J and Partl, H and Hyna, I},
  title  = {\LaTeXe-{K}urzbeschreibung},
  year   = {2018},
  date   = {2018-04-08},
}

@Misc{doc_mathmode,
  author = {Voss, H},
  title  = {Mathematical Typesetting with Latex},
  year   = {2017},
  date   = {2017-08-09},
}

@Electronic{biblatex_biber,
  title   = {biblatex in a nutshell (for beginners)},
  url     = {https://tex.stackexchange.com/questions/13509/biblatex-in-a-nutshell-for-beginners},
  urldate = {2018-05-18},
}

@Electronic{Phasenanschnittsteuerung,
  author  = {{R. Paschotta}},
  title   = {Phasenanschnittsteuerung},
  url     = {https://www.energie-lexikon.info/phasenanschnittsteuerung.html},
  urldate = {2019-04-15},
  Year = {2018},
}

@Electronic{Schwingungspaketsteuerung,
  author  = {{W. S.}},
  title   = {Schwingungspaketsteuerung},
  url     = {https://de.wikipedia.org/wiki/Datei:Schwingungspaketsteuerung.png},
  urldate = {2019-04-15},
  Year = {2006},
}

@Electronic{Tiefpass,
  author  = {{Elektronik - Kompendium}},
  title   = {Passiver Tiefpass / Tiefpass-Filter},
  url     = {https://www.elektronik-kompendium.de/sites/slt/0206172.htm},
  urldate = {2019-06-06},
  Year = {2019},
}

@Electronic{Verstaerker,
  author  = {{Elektronik- Kompendium}},
  title   = {Nichtinvertierender Verstärker},
  url     = {https://www.elektronik-kompendium.de/sites/slt/0210151.htm},
  urldate = {2019-06-15},
  Year = {2019},
}

@Electronic{Arduino_PWM,
  author  = {{EXP-TECH}},
  title   = {Arduino Tutorial - Pulsweitenmodulation (PWM)},
  url     = {https://www.exp-tech.de/blog/arduino-tutorial-pulsweitenmodulation-pwm},
  urldate = {2019-06-25},
  Year = {2019},
}

@Electronic{Spannungsteiler,
  author  = {{Elektronik-Kompendium}},
  title   = {Spannungsteiler / Spannungsteilerschaltung},
  url     = {https://www.elektronik-kompendium.de/sites/slt/0201111.htm},
  urldate = {2019-07-20},
  Year = {2019},
}

@Electronic{Spannungsmessung,
  author  = {{Christian Grieger}},
  title   = {Spannungsmessung mit dem Arduino},
  url     = {http://elektro.turanis.de/html/prj084/index.html},
  urldate = {2019-08-04},
  Year = {2019},
}

@Misc{PI_Regler,
	author = {{M. Wassmer, \glqq Funktionsmuster eines Dreiphasigen PFC Gleichrichters\grqq, Windisch: Hochschule für Technik der Fachhochschule Nordwestschweiz (FHNW), 2018}},
}


@Electronic{Quelle_Marco,
  author  = {{M. Bhardwaj}},
  title   = {Software Phase Locked Loop Design Using C2000 Microcontrollers for Single Phase Grid Connected Inverter},
  url     = {http://www.ti.com/lit/an/sprabt3a/sprabt3a.pdf},
  urldate = {2019-08-04},
  Year = {2017},
}


@Electronic{TRIAC,
  author  = {{Wikipedia}},
  title   = {Circuit symbol for a triac},
  url     = {https://de.wikipedia.org/wiki/Triac#/media/File:Triac.svg},
  urldate = {2019-04-24},
  Year = {2006},
}

@Electronic{Oberwellen,
  author  = {{A. Kamenka}},
  title   = {OBERSCHWINGUNGEN KAPITEL 1},
  url     = {https://www.ihks-fachjournal.de/sechs-themen-um-oberschwingungen-und-netzqualitaet-in-stromversorgungsnetzen/},
  urldate = {2019-05-04},
  Year = {2019},
}


@Electronic{Oberwellen2,
  author  = {{Jürgen Herr}},
  title   = {Harmonische Oberschwingungen - Netzqualität},
  url     = {http://www.energie.ch/harmonische-oberschwingungen-netzqualitaet},
  urldate = {2019-05-04},
  Year = {2013},
}

@Electronic{Spannungsqualitaet,
  author  = {{O. Lang}},
  title   = {Spannungsqualität, ein Durchblick},
  url     = {https://www.sf-ag.com/sites/default/files/flyer/2_Lang_DEVICE_PQ_Messung.pdf},
  urldate = {2019-05-07},
  Year = {2009},
}

@Misc{analysi3,
author = {{C. Beneduce, \glqq Analysis 3, Vorlesungsscript Teil 3\grqq , Windisch: Hochschule für Technik der
Fachhochschule Nordwestschweiz (FHNW), 2018}},
}

@Misc{EMVNorm,
author = {{DIN EN 61000-3-2 (VDE 0838-2), \glqq Elektromagnetische Verträglichkeit (EMV) - Teil3-2: Grenzwerte für Oberschwingungsströme\grqq, Deutsche Norm, 2006}},
}

@Misc{SpannungsNorm,
author = {{CEI IEC 61000-2-2, \glqq Electromagnetic compatibility (EMC) - Part 2-2: Enviroment \grqq, International Standard, 2002}},
}

@Misc{FlickerNorm,
author = {{DIN EN 61000-3-3, \glqq Elektromagnetische Verträglichkeit (EMV) - Teil3-3: Grenzwerte Begrenzung von Spannungsänderungen\grqq, Deutsche Norm, 2013}},
}

@Article{Schmid2018,
  author    = {Schmid, Hanspeter and Huber, Alex},
  title     = {Analysis of switched-capacitor circuits using driving-point signal-flow graphs},
  journal   = {Analog Integrated Circuits and Signal Processing},
  year      = {2018},
  date      = {2018-03-01},
  month     = mar,
  issn      = {1573-1979},
  doi       = {10.1007/s10470-018-1131-7},
  abstract  = {This paper extends the driving-point signal-flow graphs to switched-capacitor (SC) circuits by introducing a new theoretical element: an auxiliary voltage source that transfers no charge. In contrast to existing SFG methods, our method has no restrictions as to what types of SC circuits can be analysed, it requires no equivalent circuits or tables, and it works with two-phase as well as multi-phase SC circuits of any complexity. Compared to charge-equation matrix methods, it requires more effort, but is better suited for hand analysis because it makes causal relationships visible. Three illustrative examples are given to show the efficiency of the method and present a few application hints: a voltage doubler, the standard SC integrator, and a four-phase circuit simulating an inductor.},
  publisher = {Springer},
}

@Article{Schmid2003,
  author        = {Schmid, Hanspeter},
  title         = {Why ‘current mode’ does not guarantee good performance},
  journal       = {Analog Integrated Circuits and Signal Processing},
  year          = {2003},
  volume        = {35},
  number        = {1},
  pages         = {79--90},
  __markedentry = {[hanspi:]},
  publisher     = {Springer},
}

@Article{Tellegen1954,
  author        = {Tellegen, BDH},
  title         = {La recherche pour una s{\'e}rie compl{\`e}te d’{\'e}l{\'e}ments de circuit ideaux non-lin{\'e}aires},
  journal       = {Rendiconti del seminario matematico e fisico di Milano},
  year          = {1954},
  volume        = {25},
  number        = {1},
  pages         = {134--144},
  __markedentry = {[hanspi:6]},
  publisher     = {Springer},
}


@Electronic{Kennlinie_Anlaufmoment_Reihenschlussmotor,
  title   = {Kennlinie Anlaufmoment Reihenschlussmotor},
  url     = {https://de.wikipedia.org/wiki/Reihenschlussverhalten#/media/File:Kennlinie_Reihenschluss-Gleichstrommaschine.svg},
  urldate = {2019-01-11},
}
@Electronic{Edison_Auto,
  title   = {Edison and an electric car, 1913},
  url     = {http://americanhistory.si.edu/edison/ed_d22.html},
  urldate = {2018-12-19},
}
@Electronic{Wikipedia_Motor,
  title   = {Gleichstrommaschine},
  url     = {https://de.wikipedia.org/wiki/Gleichstrommaschine},
  urldate = {2019-01-11},
}
@Electronic{Woman_Car,
  title   = {ELECTRIC VEHICLES A HISTORICAL TIMELINE},
  url     = {https://www.electricnevada.org/evtimeline/},
  urldate = {2019-01-11},
}
@Electronic{84Volt,
author  = {{B.Brougham}},
  title   = {1918 Detroit Electric Model 75},
  url     = {https://www.classicdriver.com/en/car/detroit-electric/model-75/1918/134049},
  urldate = {2019-01-12},
}

@Electronic{NIN,
author  = {{NIN}},
  title   = {Verlegearten und Strombelastbarkeit von Kabeln/Leitungen},
  url     = {https://library.e.abb.com/public/a6d7a9f5a041ca8cc12579cf00217542/2CDC401002D0106_viewfile.pdf},
  urldate = {2019-01-14},
}


@Comment{jabref-meta: databaseType:biblatex;}

% Encoding: UTF-8
